@online{n-spheres,
	author = {{Wikipedia contributors}},
	date = {2021-04-15},
	language = {english},
	title = {N-sphere},
	url = {https://en.wikipedia.org/wiki/N-sphere},
}

@inproceedings{mungan-2010,
	author = {Mungan, C.E.},
	publisher = {USNA},
	title = {{Volume of a Hypersphere}},
	year = {2010},
}

@article{university-of-washington-2013,
	author = {{University of Washington}"},
	journal = {Triple Integrals for Volumes of Some Classic Shapes},
	title = {{Triple Integrals for Volumes of Some Classic Shapes}},
	year = {2013},
}

@misc{spherical-coordinates,
	author = {{Wikipedia contributors}"},
	month = {05},
	title = {{Spherical coordinate system}},
	url = {https://en.wikipedia.org/wiki/Spherical_coordinate_system},
	year = {2021},Volumul hipersferelor
}

@inbook{unknown-author-200,
	month = {01},
	title = {{Gamma function}},
	url = {https://en.wikipedia.org/wiki/Gamma_function},
	year = {200},
}

@misc{volume-element,
	author = {{Wikipedia contributors}"},
	month = {04},
	title = {{Volume element}},
	url = {https://en.wikipedia.org/wiki/Volume_element},
	year = {2021},
}

@misc{jacobian-matrix,
	author = {{Wikipedia contributors}"},
	month = {04},
	title = {{Jacobian matrix and determinant}},
	url = {https://en.wikipedia.org/wiki/Jacobian_matrix_and_determinant},
	year = {2021},
}
